<record><leader>00000cas a22000007a 4500</leader><controlfield tag="001">18120160</controlfield><controlfield tag="008">880622d19201937nduwr ne      0    0eng d</controlfield><datafield ind1=" " ind2=" " tag="010"><subfield code="a">sn 87096006 </subfield></datafield><datafield ind1=" " ind2=" " tag="040"><subfield code="a">NOP</subfield><subfield code="b">eng</subfield><subfield code="c">NOP</subfield><subfield code="d">OCLCQ</subfield></datafield><datafield ind1=" " ind2=" " tag="042"><subfield code="a">msc</subfield></datafield><datafield ind1="0" ind2="4" tag="245"><subfield code="a">The Belfield review.</subfield></datafield><datafield ind1=" " ind2=" " tag="260"><subfield code="a">Belfield, Stark County, N.D. :</subfield><subfield code="b">Mabel A. Knots</subfield></datafield><datafield ind1=" " ind2=" " tag="300"><subfield code="a">18 v. :</subfield><subfield code="b">ill. ;</subfield><subfield code="c">46-57 cm.</subfield></datafield><datafield ind1=" " ind2=" " tag="310"><subfield code="a">Weekly</subfield></datafield><datafield ind1="0" ind2=" " tag="362"><subfield code="a">Vol. 12, no. 11 (July 9, 1920)-v. 28, no. 44 (Sept. 16, 1937).</subfield></datafield><datafield ind1=" " ind2=" " tag="500"><subfield code="a">"Official paper of Belfield."</subfield></datafield><datafield ind1=" " ind2=" " tag="515"><subfield code="a">Volume 23, is repeated, one year as "Vol. XXIII" followed by a year of "Vol. 23."</subfield></datafield><datafield ind1=" " ind2=" " tag="530"><subfield code="a">Available on microfilm from the State Historical Society of North Dakota.</subfield></datafield><datafield ind1=" " ind2=" " tag="580"><subfield code="a">Continues: "Belfield times" following a suspension from Jan. 17 to July 9, 1920.</subfield></datafield><datafield ind1=" " ind2=" " tag="580"><subfield code="a">Merged with: Dickinson press and Dickinson recorder-post, and: Richardton times, to form: Dickinson press and Dickinson recorder-post, Richardton times and Belfield review.</subfield></datafield><datafield ind1=" " ind2=" " tag="752"><subfield code="a">United States</subfield><subfield code="b">North Dakota</subfield><subfield code="c">Stark</subfield><subfield code="d">Belfield.</subfield></datafield><datafield ind1="1" ind2="0" tag="780"><subfield code="t">Belfield times</subfield><subfield code="w">(DLC)sn 87096005</subfield></datafield><datafield ind1="1" ind2="4" tag="785"><subfield code="t">Dickinson press and Dickinson recorder-post</subfield><subfield code="w">(DLC)sn 88076014</subfield></datafield><datafield ind1="1" ind2="4" tag="785"><subfield code="t">Richardton times</subfield><subfield code="w">(DLC)sn 88076019</subfield></datafield><datafield ind1="1" ind2="4" tag="785"><subfield code="t">Dickinson press and Dickinson recorder-post, Richardton times and Belfield review</subfield><subfield code="w">(DLC)sn 88076016</subfield></datafield></record>